<record><leader>00000cas a2200000 a 4500</leader><controlfield tag="001">1770108</controlfield><controlfield tag="008">751101d19701978miuwn ne      0   a0eng c</controlfield><datafield ind1=" " ind2=" " tag="010"><subfield code="a">sn 86016176 </subfield></datafield><datafield ind1=" " ind2=" " tag="040"><subfield code="a">MUL</subfield><subfield code="b">eng</subfield><subfield code="c">MUL</subfield><subfield code="d">PIT</subfield><subfield code="d">NSD</subfield><subfield code="d">IUL</subfield><subfield code="d">DLC</subfield><subfield code="d">NST</subfield><subfield code="d">OCL</subfield><subfield code="d">NST</subfield><subfield code="d">IUL</subfield><subfield code="d">DLC</subfield><subfield code="d">CNW</subfield><subfield code="d">NSD</subfield><subfield code="d">OCL</subfield><subfield code="d">OCLCQ</subfield><subfield code="d">NYS</subfield><subfield code="d">DLC</subfield><subfield code="d">KSU</subfield><subfield code="d">OCLCQ</subfield><subfield code="d">OCLCF</subfield><subfield code="d">IUL</subfield><subfield code="d">OCLCO</subfield></datafield><datafield ind1=" " ind2=" " tag="012"><subfield code="i">8606</subfield></datafield><datafield ind1="0" ind2=" " tag="022"><subfield code="a">0019-0535</subfield><subfield code="l">0019-0535</subfield><subfield code="2">1</subfield></datafield><datafield ind1="1" ind2=" " tag="029"><subfield code="a">AU@</subfield><subfield code="b">000004692447</subfield></datafield><datafield ind1=" " ind2=" " tag="042"><subfield code="a">pcc</subfield><subfield code="a">nsdp</subfield></datafield><datafield ind1="1" ind2="0" tag="050"><subfield code="a">ISSN RECORD</subfield></datafield><datafield ind1="1" ind2="4" tag="050"><subfield code="a">HX1</subfield><subfield code="b">.I595</subfield></datafield><datafield ind1=" " ind2="4" tag="082"><subfield code="a">321</subfield></datafield><datafield ind1="0" ind2=" " tag="130"><subfield code="a">Workers' power (Highland Park, Mich.)</subfield></datafield><datafield ind1="0" ind2=" " tag="210"><subfield code="a">Work. power</subfield><subfield code="b">(Highl. Park Mich.)</subfield></datafield><datafield ind1=" " ind2="0" tag="222"><subfield code="a">Workers' power</subfield><subfield code="b">(Highland Park, Mich.)</subfield></datafield><datafield ind1="1" ind2="0" tag="245"><subfield code="a">Workers' power.</subfield></datafield><datafield ind1=" " ind2=" " tag="260"><subfield code="a">Highland Park, Mich.,</subfield><subfield code="b">International Socialist Pub. Co.</subfield></datafield><datafield ind1=" " ind2=" " tag="300"><subfield code="a">v. :</subfield><subfield code="b">ill. ;</subfield><subfield code="c">44 cm.</subfield></datafield><datafield ind1=" " ind2=" " tag="310"><subfield code="a">Weekly (except the first two weeks in July and the last two weeks in Dec),</subfield><subfield code="b">July 19, 1976-1978</subfield></datafield><datafield ind1=" " ind2=" " tag="321"><subfield code="a">Biweekly (except semimonthly in Dec. and monthly in July and Aug),</subfield><subfield code="b">1970-Oct. 2/15, 1975</subfield></datafield><datafield ind1="0" ind2=" " tag="362"><subfield code="a">No. 21 (Sept. 11/24, 1970)-no. 267 (Oct. 26/Nov. 8, 1978).</subfield></datafield><datafield ind1=" " ind2=" " tag="525"><subfield code="a">Supplements accompany some issues.</subfield></datafield><datafield ind1=" " ind2="0" tag="650"><subfield code="a">Socialism</subfield><subfield code="v">Newspapers.</subfield></datafield><datafield ind1=" " ind2="0" tag="650"><subfield code="a">Labor</subfield><subfield code="v">Newspapers.</subfield></datafield><datafield ind1=" " ind2="0" tag="651"><subfield code="a">Highland Park (Mich.)</subfield><subfield code="v">Newspapers.</subfield></datafield><datafield ind1=" " ind2="0" tag="651"><subfield code="a">Detroit (Mich.)</subfield><subfield code="v">Newspapers.</subfield></datafield><datafield ind1=" " ind2="0" tag="651"><subfield code="a">Wayne County (Mich.)</subfield><subfield code="v">Newspapers.</subfield></datafield><datafield ind1=" " ind2="7" tag="650"><subfield code="a">Labor.</subfield><subfield code="2">fast</subfield><subfield code="0">(OCoLC)fst00989798</subfield></datafield><datafield ind1=" " ind2="7" tag="650"><subfield code="a">Socialism.</subfield><subfield code="2">fast</subfield><subfield code="0">(OCoLC)fst01123637</subfield></datafield><datafield ind1=" " ind2="7" tag="651"><subfield code="a">Michigan</subfield><subfield code="z">Detroit.</subfield><subfield code="2">fast</subfield><subfield code="0">(OCoLC)fst01205010</subfield></datafield><datafield ind1=" " ind2="7" tag="651"><subfield code="a">Michigan</subfield><subfield code="z">Highland Park.</subfield><subfield code="2">fast</subfield><subfield code="0">(OCoLC)fst01225530</subfield></datafield><datafield ind1=" " ind2="7" tag="651"><subfield code="a">Michigan</subfield><subfield code="z">Wayne County.</subfield><subfield code="2">fast</subfield><subfield code="0">(OCoLC)fst01206628</subfield></datafield><datafield ind1=" " ind2="7" tag="655"><subfield code="a">Newspapers.</subfield><subfield code="2">fast</subfield><subfield code="0">(OCoLC)fst01423814</subfield></datafield><datafield ind1="2" ind2=" " tag="710"><subfield code="a">International Socialists (U.S.)</subfield></datafield><datafield ind1=" " ind2=" " tag="752"><subfield code="a">United States</subfield><subfield code="b">Michigan</subfield><subfield code="c">Wayne</subfield><subfield code="d">Highland Park.</subfield></datafield><datafield ind1="0" ind2="0" tag="780"><subfield code="t">I.S.</subfield><subfield code="w">(OCoLC)4799318</subfield></datafield><datafield ind1="0" ind2="0" tag="785"><subfield code="t">Changes socialist monthly</subfield><subfield code="x">0194-8350</subfield><subfield code="w">(DLC)   83640167</subfield><subfield code="w">(OCoLC)4814085</subfield></datafield><datafield ind1=" " ind2=" " tag="850"><subfield code="a">InU</subfield><subfield code="a">KU-S</subfield><subfield code="a">NN</subfield><subfield code="a">NhU</subfield><subfield code="a">NjR</subfield></datafield></record>